<?xml version="1.0" encoding="UTF-8"?><collection xmlns="http://www.loc.gov/MARC21/slim"><record><leader>00380nam--2200145-i-4500</leader><controlfield tag="001">000045770</controlfield><controlfield tag="002">20161230</controlfield><controlfield tag="005">20170113184652</controlfield><controlfield tag="008">060222s1000------------r-----000-0-eng-d</controlfield><datafield ind1=" " ind2=" " tag="100"><subfield code="a">Taschauner, Johann</subfield></datafield><datafield ind1=" " ind2=" " tag="245"><subfield code="a">Einfuhrung in die theorie der abtastsysteme</subfield></datafield><datafield ind1=" " ind2=" " tag="260"><subfield code="a">Munchen</subfield><subfield code="b">R.Oldenbourg</subfield><subfield code="c">1960</subfield></datafield><datafield ind1=" " ind2=" " tag="300"><subfield code="a">185 p. + 81 Fig</subfield></datafield><datafield ind1=" " ind2=" " tag="852"><subfield code="a">18291</subfield></datafield><datafield ind1=" " ind2=" " tag="CAT"><subfield code="a">SYS</subfield><subfield code="c">20170113</subfield><subfield code="h">184652</subfield></datafield></record></collection>